[gd_scene load_steps=9 format=1]

[ext_resource path="res://World.gd" type="Script" id=1]
[ext_resource path="res://Sprites/background.jpg" type="Texture" id=2]
[ext_resource path="res://Sprites/light1.png" type="Texture" id=3]
[ext_resource path="res://Sprites/light3.png" type="Texture" id=4]
[ext_resource path="res://Sprites/road2.png" type="Texture" id=5]
[ext_resource path="res://Sprites/road1.png" type="Texture" id=6]
[ext_resource path="res://Sprites/car6.png" type="Texture" id=7]
[ext_resource path="res://Sprites/building1.png" type="Texture" id=8]

[node name="World" type="Node2D"]

script/script = ExtResource( 1 )

[node name="Timer" type="Timer" parent="."]

process_mode = 1
wait_time = 1.0
one_shot = true
autostart = false

[node name="Timer1" type="Timer" parent="."]

process_mode = 1
wait_time = 2.0
one_shot = true
autostart = false

[node name="background" type="Sprite" parent="."]

texture = ExtResource( 2 )
centered = false

[node name="Button" type="Button" parent="."]

visibility/visible = false
focus/ignore_mouse = false
focus/stop_mouse = true
size_flags/horizontal = 2
size_flags/vertical = 2
margin/left = 800.0
margin/top = 500.0
margin/right = 950.0
margin/bottom = 550.0
toggle_mode = false
enabled_focus_mode = 2
shortcut = null
text = "Semafor"
flat = false

[node name="Light" type="Sprite" parent="."]

transform/pos = Vector2( 570, 420 )
texture = ExtResource( 3 )

[node name="Light2" type="Sprite" parent="."]

transform/pos = Vector2( 430, 420 )
transform/rot = 270.0
texture = ExtResource( 4 )

[node name="Light3" type="Sprite" parent="."]

transform/pos = Vector2( 570, 280 )
transform/rot = 90.0
texture = ExtResource( 4 )

[node name="Light1" type="Sprite" parent="."]

transform/pos = Vector2( 430, 280 )
transform/rot = 180.0
texture = ExtResource( 3 )

[node name="cross" type="Sprite" parent="."]

transform/pos = Vector2( 500, 350 )
texture = ExtResource( 5 )

[node name="Road" type="Sprite" parent="."]

transform/pos = Vector2( 500, 250 )
texture = ExtResource( 6 )

[node name="Road1" type="Sprite" parent="."]

transform/pos = Vector2( 400, 350 )
transform/rot = 270.0
texture = ExtResource( 6 )

[node name="Road2" type="Sprite" parent="."]

transform/pos = Vector2( 300, 350 )
transform/rot = 270.0
texture = ExtResource( 6 )

[node name="Road3" type="Sprite" parent="."]

transform/pos = Vector2( 200, 350 )
transform/rot = 270.0
texture = ExtResource( 6 )

[node name="Road4" type="Sprite" parent="."]

transform/pos = Vector2( 100, 350 )
transform/rot = 270.0
texture = ExtResource( 6 )

[node name="Road10" type="Sprite" parent="."]

transform/pos = Vector2( 0, 350 )
transform/rot = 270.0
texture = ExtResource( 6 )

[node name="Road5" type="Sprite" parent="."]

transform/pos = Vector2( 600, 350 )
transform/rot = 270.0
texture = ExtResource( 6 )

[node name="Road6" type="Sprite" parent="."]

transform/pos = Vector2( 700, 350 )
transform/rot = 270.0
texture = ExtResource( 6 )

[node name="Road7" type="Sprite" parent="."]

transform/pos = Vector2( 800, 350 )
transform/rot = 270.0
texture = ExtResource( 6 )

[node name="Road8" type="Sprite" parent="."]

transform/pos = Vector2( 900, 350 )
transform/rot = 270.0
texture = ExtResource( 6 )

[node name="Road9" type="Sprite" parent="."]

transform/pos = Vector2( 1000, 350 )
transform/rot = 270.0
texture = ExtResource( 6 )

[node name="road" type="Sprite" parent="."]

transform/pos = Vector2( 500, 50 )
texture = ExtResource( 6 )

[node name="road1" type="Sprite" parent="."]

transform/pos = Vector2( 500, 150 )
texture = ExtResource( 6 )

[node name="road2" type="Sprite" parent="."]

transform/pos = Vector2( 500, 450 )
texture = ExtResource( 6 )

[node name="road3" type="Sprite" parent="."]

transform/pos = Vector2( 500, 550 )
texture = ExtResource( 6 )

[node name="Auto" type="StaticBody2D" parent="."]

input/pickable = false
collision/layers = 1
collision/mask = 1
constant_linear_velocity = Vector2( 0, 0 )
constant_angular_velocity = 0.0
friction = 1.0
bounce = 0.0

[node name="Auto1" type="Sprite" parent="Auto"]

transform/pos = Vector2( -32, 370 )
texture = ExtResource( 7 )
flip_h = true
region = true
region_rect = Rect2( 32, 0, 32, 32 )

[node name="Auto2" type="Sprite" parent="Auto"]

transform/pos = Vector2( -32, 100 )
texture = ExtResource( 7 )
flip_h = true
region = true
region_rect = Rect2( 224, 0, 32, 32 )

[node name="Auto3" type="Sprite" parent="Auto"]

transform/pos = Vector2( -32, 200 )
texture = ExtResource( 7 )
flip_h = true
region = true
region_rect = Rect2( 160, 0, 32, 32 )

[node name="Auto4" type="Sprite" parent="Auto"]

transform/pos = Vector2( -32, 335 )
texture = ExtResource( 7 )
flip_h = true
region = true
region_rect = Rect2( 32, 0, 32, 32 )

[node name="building1" type="Sprite" parent="."]

transform/pos = Vector2( 225, 160 )
transform/scale = Vector2( 2, 2 )
texture = ExtResource( 8 )

[node name="building2" type="Sprite" parent="."]

transform/pos = Vector2( 800, 160 )
transform/scale = Vector2( 2, 2 )
texture = ExtResource( 8 )

[connection signal="timeout" from="Timer" to="." method="_on_Timer_timeout"]

[connection signal="timeout" from="Timer1" to="." method="_on_Timer1_timeout"]

[connection signal="pressed" from="Button" to="." method="_on_Button_pressed"]


